<record><leader>00000cas a2200000 a 4500</leader><controlfield tag="001">47882804</controlfield><controlfield tag="008">010830d19uu1980caudr ne      0    0eng c</controlfield><datafield ind1=" " ind2=" " tag="010"><subfield code="a">sn2001060526</subfield></datafield><datafield ind1=" " ind2=" " tag="040"><subfield code="a">CNK</subfield><subfield code="b">eng</subfield><subfield code="c">CNK</subfield><subfield code="d">OCLCQ</subfield><subfield code="d">CNK</subfield><subfield code="d">OCLCQ</subfield><subfield code="d">OCLCF</subfield><subfield code="d">OCLCO</subfield></datafield><datafield ind1="1" ind2=" " tag="029"><subfield code="a">AU@</subfield><subfield code="b">000022959532</subfield></datafield><datafield ind1=" " ind2=" " tag="042"><subfield code="a">pcc</subfield></datafield><datafield ind1=" " ind2=" " tag="043"><subfield code="a">n-us-ca</subfield></datafield><datafield ind1="0" ind2=" " tag="130"><subfield code="a">Daily pilot (Costa Mesa, Calif.)</subfield></datafield><datafield ind1="1" ind2="0" tag="245"><subfield code="a">Daily pilot.</subfield></datafield><datafield ind1="1" ind2=" " tag="246"><subfield code="i">Saturday issues published as:</subfield><subfield code="a">Weekend edition</subfield><subfield code="f">&lt;Jan. 1, 1966&gt;-Jan. 8, 1972</subfield></datafield><datafield ind1="1" ind2=" " tag="246"><subfield code="i">Sunday issues published as:</subfield><subfield code="a">Sunday daily pilot</subfield><subfield code="f">Mar. 5, 1972-Nov. 23, 1980</subfield></datafield><datafield ind1=" " ind2=" " tag="260"><subfield code="a">Costa Mesa, Calif. :</subfield><subfield code="b">Orange Coast Pub. Co.</subfield></datafield><datafield ind1=" " ind2=" " tag="300"><subfield code="a">v.</subfield></datafield><datafield ind1=" " ind2=" " tag="310"><subfield code="a">Daily,</subfield><subfield code="b">Mar. 5, 1972-Nov. 29, 1980</subfield></datafield><datafield ind1=" " ind2=" " tag="321"><subfield code="a">Daily (except Sun.),</subfield><subfield code="b">&lt;Jan. 1, 1966&gt;-Mar. 4, 1972</subfield></datafield><datafield ind1="0" ind2=" " tag="362"><subfield code="a">-v. 73, no. 334 (Nov. 29, 1980).</subfield></datafield><datafield ind1=" " ind2=" " tag="530"><subfield code="a">Master negatives are available for duplication from:</subfield><subfield code="b">California Newspaper Microfilm Archive;</subfield><subfield code="c">positive copies may be purchased by the reel; for further information consult the CNMA at:</subfield><subfield code="u">http://cbsr.ucr.edu</subfield></datafield><datafield ind1=" " ind2=" " tag="580"><subfield code="a">Published in several local editions, including Irvine, Huntington Beach/Fountain Valley, Laguna Beach, Laguna/South Coast, Saddleback, San Clemente Capistrano.</subfield></datafield><datafield ind1=" " ind2=" " tag="588"><subfield code="a">Description based on: Vol. 58, no. 314 (Jan. 1, 1966).</subfield></datafield><datafield ind1=" " ind2="0" tag="651"><subfield code="a">Orange County (Calif.)</subfield><subfield code="v">Newspapers.</subfield></datafield><datafield ind1=" " ind2="7" tag="655"><subfield code="a">Newspapers.</subfield><subfield code="2">fast</subfield><subfield code="0">(OCoLC)fst01423814</subfield></datafield><datafield ind1=" " ind2="7" tag="651"><subfield code="a">California</subfield><subfield code="z">Orange County.</subfield><subfield code="2">fast</subfield><subfield code="0">(OCoLC)fst01206289</subfield></datafield><datafield ind1=" " ind2=" " tag="752"><subfield code="a">United States</subfield><subfield code="b">California</subfield><subfield code="c">Orange</subfield><subfield code="d">Costa Mesa.</subfield></datafield><datafield ind1="0" ind2="5" tag="780"><subfield code="t">Daily pilot (Costa Mesa, Calif. : Huntington Beach ed.)</subfield><subfield code="w">(DLC)sn2001060533</subfield></datafield><datafield ind1="0" ind2="5" tag="780"><subfield code="t">Daily pilot (Costa Mesa, Calif. : Fountain Valley ed.)</subfield><subfield code="w">(DLC)sn2001060534</subfield></datafield><datafield ind1="0" ind2="7" tag="785"><subfield code="t">Daily pilot (Costa Mesa, Calif. : Orange Coast ed.)</subfield><subfield code="w">(DLC)sn2001060525</subfield></datafield><datafield ind1="0" ind2="7" tag="785"><subfield code="t">Orange Coast daily pilot</subfield><subfield code="w">(DLC)sn 95061223</subfield></datafield></record>